@article{ma2021temporal,
  title={Temporal trend and attributable risk factors of stroke burden in China, 1990--2019: an analysis for the Global Burden of Disease Study 2019},
  author={Ma, Qingfeng and Li, Rui and Wang, Lijun and Yin, Peng and Wang, Yuan and Yan, Chuming and Ren, Yi and Qian, Zhengmin and Vaughn, Michael G and McMillin, Stephen Edward and others},
  journal={The Lancet Public Health},
  volume={6},
  number={12},
  pages={e897--e906},
  year={2021},
  publisher={Elsevier}
}

@article{feigin2014global,
  title={Global and regional burden of stroke during 1990--2010: findings from the Global Burden of Disease Study 2010},
  author={Feigin, Valery L and Forouzanfar, Mohammad H and Krishnamurthi, Rita and Mensah, George A and Connor, Myles and Bennett, Derrick A and Moran, Andrew E and Sacco, Ralph L and Anderson, Laurie and Truelsen, Thomas and others},
  journal={The lancet},
  volume={383},
  number={9913},
  pages={245--255},
  year={2014},
  publisher={Elsevier}
}

@article{strock2019bib,
  title={中国脑出血诊治指南(2019)},
  author={中华医学会神经病学分会 and 中华医学会神经病学分会脑血管病学组},
  journal={中华神经科杂志},
  volume={52},
  number={12},
  pages={994-1005},
  year={2019},
}

